@article{1707.03429,
  title = {Open Quantum Assembly Language},
  author = {Andrew W. Cross and Lev S. Bishop and John A. Smolin and Jay M. Gambetta},
  year = {2017},
  eprint = {arXiv:1707.03429},
  eprinttype = {arxiv},
  primaryclass = {quant-ph},
}
@article{gottesman1997stabilizer,
    title={Stabilizer Codes and Quantum Error Correction}, 
    author={Daniel Gottesman},
    year={1997},
    eprint={arXiv:quant-ph/9705052},
    eprinttype = {arxiv},
    primaryClass={quant-ph}
}